10400000         2079459090001610000000000000000000000014003395800000000GRUPO ADMINIST PROFISSIONAL LTC ECON FEDERAL                          21509201001364100043904000000                    RETORNO-PRODUCAO                  000            
10400011T0100030 20079459090001610000000000000000000000014003395800000000GRUPO ADMINIST PROFISSIONAL LT                                                                                00000439150920100000000000                          00   
1040001300001T 060000000339580000000   240000000000000748100000000000000021092010000000000001145000000140000000000000000          090000000000000000                                                  000000000000125060101                     
1040001300002U 06000000000000000000000000000000000000000000000000000000000000000000000001145000000000001145000000000000000000000000000000150920101609201000001609201000000000000000000000000000000000000000000000000000000000000000000000       
1040001300003T 060000000339580000000   240000000000019287100000000000000015092010000000000027000356000150000000000000000          090000000000000000                                                  000000000000270040101                     
1040001300004U 06000000000000000000000000002700000000000000000000000000000000000000000024300000000000024300000000000000000000000000000000150920101609201000001609201000000000000000000000000000000000000000000000000000000000000000000000       
10400015         00000600000000000000000000000000000000000000000000000000000000000000000000000000000000000000000000                                                                                                                             
10499999         000001000008                                                                                                                                                                                                                   
