10400000         2079459090001610000000000000000000000014003395800000000GRUPO ADMINIST PROFISSIONAL LTC ECON FEDERAL                          22505201202580700077804000000                    RETORNO-PRODUCAO                  000            
10400011T0100030 20079459090001610000000000000000000000014003395800000000GRUPO ADMINIST PROFISSIONAL LT                                                                                00000778250520120000000000                          00   
1040001300001T 060000000339580000000   240000000000023802100000000000000025052012000000000025863000022890000000000000000          090000000000000000                                                  000000000000125020101                     
1040001300002U 06000000000000000000000000005950000000000000000000000000000000000000000019913000000000019913000000000000000000000000000000250520122805201200002805201200000000000000000000000000000000000000000000000000000000000000000000       
1040001300003T 060000000339580000000   240000000000039601100000000000000025052012000000000032500001003240000000000000000          090000000000000000                                                  000000000000270040101                     
1040001300004U 06000000000000000000000000005950000000000000000000000000000000000000000026550000000000026550000000000000000000000000000000250520122805201200002805201200000000000000000000000000000000000000000000000000000000000000000000       
10400015         00000600000000000000000000000000000000000000000000000000000000000000000000000000000000000000000000                                                                                                                             
10499999         000001000008                                                                                                                                                                                                                   
