10400000         2079459090001610000000000000000000000014003395800000000GRUPO ADMINIST PROFISSIONAL LTC ECON FEDERAL                          21709201302493400109304000000                    RETORNO-PRODUCAO                  000            
10400011T0100030 20079459090001610000000000000000000000014003395800000000GRUPO ADMINIST PROFISSIONAL LT                                                                                00001093170920130000000000                          00   
1040001300001T 060000000339580000000   240000000000027042100000000000000020092013000000000025863000022890000000000000000          090000000000000000                                                  000000000000125020101                     
1040001300002U 06000000000000000000000000005950000000000000000000000000000000000000000019913000000000019913000000000000000000000000000000170920131809201300001809201300000000000000000000000000000000000000000000000000000000000000000000       
1040001300003T 060000000339580000000   240000000000116622100000000000000020092013000000000035000341093670000000000000000          090000000000000000                                                  000000000000270040101                     
1040001300004U 06000000000000000000000000003000000000000000000000000000000000000000000032000000000000032000000000000000000000000000000000170920131809201300001809201300000000000000000000000000000000000000000000000000000000000000000000       
1040001300005T 060000000339580000000   240000000000180134100000000000000010092013000000000022000000032570000000000000000          090000000000000000                                                  000000000000125020101                     
1040001300006U 06000000000000489000000000000000000000000000000000000000000000000000000022489000000000022489000000000000000000000000000000170920131809201300001809201300000000000000000000000000000000000000000000000000000000000000000000       
10400015         00000800000000000000000000000000000000000000000000000000000000000000000000000000000000000000000000                                                                                                                             
10499999         000001000010                                                                                                                                                                                                                   
