10400000         2079459090001610000000000000000000000014003395800000000GRUPO ADMINIST PROFISSIONAL LTC ECON FEDERAL                          22209201001260900044404000000                    RETORNO-PRODUCAO                  000            

10400011T0100030 20079459090001610000000000000000000000014003395800000000GRUPO ADMINIST PROFISSIONAL LT                                                                                00000444220920100000000000                          00   

1040001300001T 060000000339580000000   240000000000000918100000000000000005112010000000000000634000000140000000000000000          090000000000000000                                                  000000000000125060101                     

1040001300002U 06000000000000000000000000000000000000000000000000000000000000000000000000634000000000000634000000000000000000000000000000220920102309201000002309201000000000000000000000000000000000000000000000000000000000000000000000       

10400015         00000400000000000000000000000000000000000000000000000000000000000000000000000000000000000000000000                                                                                                                             

10499999         000001000006                                                                                                                                                                                                                   