10400000         2079459090001610000000000000000000000014003395800000000GRUPO ADMINIST PROFISSIONAL LTC ECON FEDERAL                          20406201203173200078304000000                    RETORNO-PRODUCAO                  000            
10400011T0100030 20079459090001610000000000000000000000014003395800000000GRUPO ADMINIST PROFISSIONAL LT                                                                                00000783040620120000000000                          00   
1040001300001T 060000000339580000000   240000000000010042100000000000000010062012000000000032500237006110000000000000000          090000000000000000                                                  000000000000270040101                     
1040001300002U 06000000000000000000000000003000000000000000000000000000000000000000000029500000000000029500000000000000000000000000000000040620120506201200000506201200000000000000000000000000000000000000000000000000000000000000000000       
1040001300003T 060000000339580000000   240000000000013416100000000000000010062012000000000032500001030050000000000000000          090000000000000000                                                  000000000000270040101                     
1040001300004U 06000000000000000000000000005065000000000000000000000000000000000000000027435000000000027435000000000000000000000000000000040620120506201200000506201200000000000000000000000000000000000000000000000000000000000000000000       
1040001300005T 060000000339580000000   240000000000013955100000000000000010062012000000000032500001003240000000000000000          090000000000000000                                                  000000000000270040101                     
1040001300006U 06000000000000000000000000005065000000000000000000000000000000000000000027435000000000027435000000000000000000000000000000040620120506201200000506201200000000000000000000000000000000000000000000000000000000000000000000       
1040001300007T 060000000339580000000   240000000000020986100000000000000015042012000000000032500000022620000000000000000          090000000000000000                                                  000000000000125020101                     
1040001300008U 06000000000001169000000000000000000000000000000000000000000000000000000033669000000000033669000000000000000000000000000000040620120506201200000506201200000000000000000000000000000000000000000000000000000000000000000000       
1040001300009T 060000000339580000000   240000000000023063100000000000000005062012000000000032500237002590000000000000000          090000000000000000                                                  000000000000270040101                     
1040001300010U 06000000000000000000000000005950000000000000000000000000000000000000000026550000000000026550000000000000000000000000000000040620120506201200000506201200000000000000000000000000000000000000000000000000000000000000000000       
1040001300011T 060000000339580000000   240000000000024230100000000000000002062012000000000032500001032060000000000000000          090000000000000000                                                  000000000000270040101                     
1040001300012U 06000000000000000000000000005950000000000000000000000000000000000000000026550000000000026550000000000000000000000000000000040620120506201200000506201200000000000000000000000000000000000000000000000000000000000000000000       
1040001300013T 060000000339580000000   240000000000033212100000000000000005062012000000000032500000000140000000000000000          090000000000000000                                                  000000000000125020101                     
1040001300014U 06000000000000000000000000003000000000000000000000000000000000000000000029500000000000029500000000000000000000000000000000040620120506201200000506201200000000000000000000000000000000000000000000000000000000000000000000       
1040001300015T 060000000339580000000   240000000000039040100000000000000015072012000000000030000341063760000000000000000          090000000000000000                                                  000000000000270040101                     
1040001300016U 06000000000000000000000000003000000000000000000000000000000000000000000027000000000000027000000000000000000000000000000000040620120506201200000506201200000000000000000000000000000000000000000000000000000000000000000000       
1040001300017T 060000000339580000000   240000000000042530100000000000000002062012000000000032500000022620000000000000000          090000000000000000                                                  000000000000125020101                     
1040001300018U 06000000000000000000000000003000000000000000000000000000000000000000000029500000000000029500000000000000000000000000000000040620120506201200000506201200000000000000000000000000000000000000000000000000000000000000000000       
10400015         00002000000000000000000000000000000000000000000000000000000000000000000000000000000000000000000000                                                                                                                             
10499999         000001000022                                                                                                                                                                                                                   
